@Article{landc,
	title = 	{Logic and Cognition: the Faces of Psychologism},
	author = 	{Mariusz Urba\'{n}ski},
	journal = 	{Logic and Logical Philosophy},
	year = 		{2011},
	volume = 	{20},
	pages = 	{175-185},
}

@article{kirk,
  title={Optimization by simulated annealing},
  author={Kirkpatrick, Scott and Gelatt, C Daniel and Vecchi, Mario P and others},
  journal={science},
  volume={220},
  number={4598},
  pages={671--680}}
}