@article{kirk,
  title={Optimization by simulated annealing},
  author={Kirkpatrick, Scott and Gelatt, C Daniel and Vecchi, Mario P and others},
  journal={science},
  volume={220},
  number={4598},
  pages={671--680}}
}
@book{cormen2009introduction,
  title={Introduction to Algorithms},
  author={Cormen, T.H.},
  isbn={9780262033848},
  lccn={2009008593},
  url={https://books.google.com.br/books?id=i-bUBQAAQBAJ},
  year={2009},
  publisher={MIT Press}
}